@Manual{base,
title = {{R}: A Language and Environment for Statistical Computing},
  author = {{R Core Team}},
  organization = {R Foundation for Statistical Computing},
  address = {Vienna, Austria},
  year = {2025},
  url = {https://www.R-project.org/},
}
@Article{caret,
  title = {Building Predictive Models in R Using the caret Package},
  volume = {28},
  url = {https://www.jstatsoft.org/index.php/jss/article/view/v028i05},
  doi = {10.18637/jss.v028.i05},
  number = {5},
  journal = {Journal of Statistical Software},
  author = {{Kuhn} and {Max}},
  year = {2008},
  pages = {1–26},
}
@Manual{DescTools,
title = {{DescTools}: Tools for Descriptive Statistics},
  author = {Andri Signorell},
  year = {2025},
  note = {R package version 0.99.60},
  url = {https://CRAN.R-project.org/package=DescTools},
  doi = {10.32614/CRAN.package.DescTools},
}
@Manual{easyORtables,
title = {{easyORtables}: Easy Odds Ratio Tables},
  author = {Neil Mehta},
  year = {2024},
  note = {R package version 0.0.1},
  url = {https://CRAN.R-project.org/package=easyORtables},
  doi = {10.32614/CRAN.package.easyORtables},
}
@Article{easystats,
title = {{easystats}: Framework for Easy Statistical Modeling, Visualization, and Reporting},
  author = {Daniel Lüdecke and Mattan S. Ben-Shachar and Indrajeet Patil and Brenton M. Wiernik and Etienne Bacher and Rémi Thériault and Dominique Makowski},
  journal = {CRAN},
  doi = {10.32614/CRAN.package.easystats},
  year = {2022},
  note = {R package},
  url = {https://easystats.github.io/easystats/},
}
@Article{gtsummary,
  author = {Daniel D. Sjoberg and Karissa Whiting and Michael Curry and Jessica A. Lavery and Joseph Larmarange},
  title = {Reproducible Summary Tables with the gtsummary Package},
  journal = {{The R Journal}},
  year = {2021},
  url = {https://doi.org/10.32614/RJ-2021-053},
  doi = {10.32614/RJ-2021-053},
  volume = {13},
  issue = {1},
  pages = {570-580},
}
@Manual{huxtable,
title = {{huxtable}: Easily Create and Style Tables for LaTeX, HTML and Other Formats},
  author = {David Hugh-Jones},
  year = {2025},
  note = {R package version 5.6.0},
  url = {https://CRAN.R-project.org/package=huxtable},
  doi = {10.32614/CRAN.package.huxtable},
}
@Manual{jtools,
title = {{jtools}: Analysis and Presentation of Social Scientific Data},
  author = {Jacob A. Long},
  year = {2022},
  note = {R package version 2.2.0},
  url = {https://cran.r-project.org/package=jtools},
}
@Manual{knitr2025,
title = {{knitr}: A General-Purpose Package for Dynamic Report Generation in {R}},
  author = {Yihui Xie},
  year = {2025},
  note = {R package version 1.50},
  url = {https://yihui.org/knitr/},
}

@Book{knitr2015,
  title = {Dynamic Documents with {R} and knitr},
  author = {Yihui Xie},
  publisher = {Chapman and Hall/CRC},
  address = {Boca Raton, Florida},
  year = {2015},
  edition = {2nd},
  note = {ISBN 978-1498716963},
  url = {https://yihui.org/knitr/},
}

@InCollection{knitr2014,
  booktitle = {Implementing Reproducible Computational Research},
  editor = {Victoria Stodden and Friedrich Leisch and Roger D. Peng},
title = {{knitr}: A Comprehensive Tool for Reproducible Research in {R}},
  author = {Yihui Xie},
  publisher = {Chapman and Hall/CRC},
  year = {2014},
  note = {ISBN 978-1466561595},
}
@Article{modelbased,
  title = {{modelbased}: An {R} package to make the most out of your statistical models through marginal means, marginal effects, and model predictions.},
  volume = {10},
  doi = {10.21105/joss.07969},
  number = {109},
  journal = {Journal of Open Source Software},
  author = {Dominique Makowski and Mattan S. Ben-Shachar and Brenton M. Wiernik and Indrajeet Patil and Rémi Thériault and Daniel Lüdecke},
  year = {2025},
  pages = {7969},
  url = {https://joss.theoj.org/papers/10.21105/joss.02306},
}
@Manual{plotor,
title = {{plotor}: Produces an Odds Ratio Plot from a Logistic Regression Model},
  author = {Craig Parylo},
  year = {2025},
  note = {R package version 0.5.2},
  url = {https://CRAN.R-project.org/package=plotor},
  doi = {10.32614/CRAN.package.plotor},
}
@Manual{predict3d,
  title = {predict3d: Draw Three Dimensional Predict Plot Using Package `{rgl}'},
  author = {Keon-Woong Moon},
  year = {2024},
  note = {R package version 0.1.5},
  url = {https://CRAN.R-project.org/package=predict3d},
  doi = {10.32614/CRAN.package.predict3d},
}
@Manual{ResourceSelection,
title = {{ResourceSelection}: Resource Selection (Probability) Functions for Use-Availability
Data},
  author = {Subhash R. Lele and Jonah L. Keim and Peter Solymos},
  year = {2023},
  note = {R package version 0.3-6},
  url = {https://CRAN.R-project.org/package=ResourceSelection},
  doi = {10.32614/CRAN.package.ResourceSelection},
}
@Manual{rmarkdown2024,
title = {{rmarkdown}: Dynamic Documents for R},
  author = {JJ Allaire and Yihui Xie and Christophe Dervieux and Jonathan McPherson and Javier Luraschi and Kevin Ushey and Aron Atkins and Hadley Wickham and Joe Cheng and Winston Chang and Richard Iannone},
  year = {2024},
  note = {R package version 2.29},
  url = {https://github.com/rstudio/rmarkdown},
}

@Book{rmarkdown2018,
  title = {R Markdown: The Definitive Guide},
  author = {Yihui Xie and J.J. Allaire and Garrett Grolemund},
  publisher = {Chapman and Hall/CRC},
  address = {Boca Raton, Florida},
  year = {2018},
  isbn = {9781138359338},
  url = {https://bookdown.org/yihui/rmarkdown},
}

@Book{rmarkdown2020,
  title = {R Markdown Cookbook},
  author = {Yihui Xie and Christophe Dervieux and Emily Riederer},
  publisher = {Chapman and Hall/CRC},
  address = {Boca Raton, Florida},
  year = {2020},
  isbn = {9780367563837},
  url = {https://bookdown.org/yihui/rmarkdown-cookbook},
}
@Manual{sjPlot,
title = {{sjPlot}: Data Visualization for Statistics in Social Science},
  author = {Daniel Lüdecke},
  year = {2024},
  note = {R package version 2.8.17},
  url = {https://CRAN.R-project.org/package=sjPlot},
}
@Manual{xfun,
title = {{xfun}: Supporting Functions for Packages Maintained by `{Yihui Xie}'},
  author = {Yihui Xie},
  year = {2025},
  note = {R package version 0.52},
  url = {https://CRAN.R-project.org/package=xfun},
  doi = {10.32614/CRAN.package.xfun},
}
@Article{tidyverse,
  title = {Welcome to the {tidyverse}},
  author = {Hadley Wickham and Mara Averick and Jennifer Bryan and Winston Chang and Lucy D'Agostino McGowan and Romain François and Garrett Grolemund and Alex Hayes and Lionel Henry and Jim Hester and Max Kuhn and Thomas Lin Pedersen and Evan Miller and Stephan Milton Bache and Kirill Müller and Jeroen Ooms and David Robinson and Dana Paige Seidel and Vitalie Spinu and Kohske Takahashi and Davis Vaughan and Claus Wilke and Kara Woo and Hiroaki Yutani},
  year = {2019},
  journal = {Journal of Open Source Software},
  volume = {4},
  number = {43},
  pages = {1686},
  doi = {10.21105/joss.01686},
}
