@book{
  durkheim2012,
  location={São Paulo},
  edition={1},
  title={As regras do método sociológico},
  ISBN={978-85-7283-806-1},
  publisher={Edipro},
  author={Durkheim, Émile},
year={2012} }

@book{
  durkheim2015,
  location={São Paulo},
  edition={1},
  title={Da divisão do trabalho social},
  ISBN={978-85-7283-949-5},
  publisher={Edipro},
  author={Durkheim, Émile},
  year={2015},
month={Jun} }
@book{
  garland1990,
  location={Chicago},
  title={Punishment and modern society: a study in social theory},
  ISBN={978-0-226-92250-8},
  publisher={The University of Chicago Press},
  author={Garland, David},
year={1990} }

@book{
  bourdieu1989,
  location={Lisboa},
  title={O poder simbólico},
  ISBN={978-972-29-0014-0},
  publisher={Difel/Bertrand},
  author={Bourdieu, Pierre},
year={1989} }

@article{
  takata2025,
  place={Belo},
  title={Políticas de acesso na USP: os efeitos do Sisu e da Fuvest no ingresso de estudantes pretos, pardos e indígenas no curso de Ciência},
  volume={21},
  ISSN={1808-169X},
  url={https://periodicos.ufmg.br/index.php/revistatrespontos/article/view/59063/48206},
  journal={Três Pontos},
  author={Takata, Ana Thiemy and Palomo, Mel Dokter and Damião, Artur},
  year={2025},
pages={1–12} }
