
@article{
  fernandes2020,
  place={Curitiba},
  title={Read this paper if you want to learn logistic regression},
  volume={28},
  ISSN={1678-9873, 0104-4478},
  url={http://www.scielo.br/scielo.php?script=sci_arttext&pid=S0104-44782020000200207&tlng=en},
  DOI={10.1590/1678-987320287406en},
  number={74},
  journal={Revista de Sociologia e Política},
  author={Fernandes, Antônio Alves Tôrres and Figueiredo Filho, Dalson Britto and Rocha, Enivaldo Carvalho Da and Nascimento, Willber Da Silva},
  year={2020},
pages={006} }
